[gd_scene load_steps=59 format=3 uid="uid://jbeyr7fy1vft"]

[ext_resource type="PackedScene" uid="uid://cybyu0mfcgbwv" path="res://player/player.tscn" id="1_t5fqc"]
[ext_resource type="Script" path="res://addons/phantom_camera/scripts/phantom_camera_host/phantom_camera_host.gd" id="2_ajea3"]
[ext_resource type="Script" path="res://addons/phantom_camera/scripts/phantom_camera/phantom_camera_3D.gd" id="3_vqsbr"]
[ext_resource type="Script" path="res://addons/phantom_camera/scripts/resources/tween_resource.gd" id="4_5h1j2"]
[ext_resource type="Script" path="res://addons/phantom_camera/scripts/resources/camera_3D_resource.gd" id="5_skdnm"]
[ext_resource type="Script" path="res://player/GardenView.gd" id="6_hjsk3"]
[ext_resource type="AudioStream" uid="uid://jgarscmwg6i7" path="res://generic/music_happy.mp3" id="10_twxfb"]
[ext_resource type="Script" path="res://addons/resonate/music_manager/stemmed_music_stream_player.gd" id="11_bwivg"]
[ext_resource type="PackedScene" uid="uid://5xm3k105ym0m" path="res://NPC/champi/champi_obj.tscn" id="12_bowru"]
[ext_resource type="Texture2D" uid="uid://ds64it1mbe8vg" path="res://levels/textures/t_planks_00.png" id="13_hkvlv"]
[ext_resource type="PackedScene" uid="uid://j5eohkhd0r2y" path="res://NPC/chevre_obj.tscn" id="13_kiq2e"]
[ext_resource type="PackedScene" uid="uid://bm22c6at8bfv6" path="res://NPC/mandragore/mandragore_ph.tscn" id="14_ketcu"]
[ext_resource type="Texture2D" uid="uid://do57fmmiuhmka" path="res://levels/textures/t_grass_00.png" id="14_rq5q5"]
[ext_resource type="PackedScene" uid="uid://dj26sacnhty4r" path="res://addons/devblocks/blocks/basic_block.tscn" id="15_ev5x4"]
[ext_resource type="Texture2D" uid="uid://ow4uhmbrdr7l" path="res://addons/devblocks/textures/dark/texture_01.png" id="18_43fa0"]
[ext_resource type="PackedScene" uid="uid://cpxij2ww1inu3" path="res://levels/fence_00.glb" id="19_75qi2"]
[ext_resource type="PackedScene" uid="uid://dsfma81ntfpyf" path="res://levels/column_00.glb" id="20_sp5vc"]
[ext_resource type="PackedScene" uid="uid://cjp876ce0hwg2" path="res://levels/arch_00.glb" id="21_f6vcp"]
[ext_resource type="PackedScene" uid="uid://4grs1nqjc2vf" path="res://levels/wall_4x4_00.glb" id="22_7lux5"]
[ext_resource type="PackedScene" uid="uid://dj5ppykjua1w6" path="res://items/cleaver.tscn" id="23_f08aj"]
[ext_resource type="PackedScene" uid="uid://djgp6w6ou6x4l" path="res://items/mortar.tscn" id="24_x5rdx"]
[ext_resource type="PackedScene" path="res://spawner.tscn" id="25_jluiv"]
[ext_resource type="PackedScene" uid="uid://cws5n7scskhby" path="res://summon/summon_circle.tscn" id="26_p85oc"]
[ext_resource type="PackedScene" uid="uid://cjughorpp8o1" path="res://levels/cage_01.glb" id="26_r0ptc"]
[ext_resource type="PackedScene" uid="uid://dmqodnx8xhekx" path="res://levels/cage_00.glb" id="27_2elwx"]
[ext_resource type="Texture2D" uid="uid://cf0vymdik40mw" path="res://Recette1.png" id="27_3xpfn"]
[ext_resource type="PackedScene" uid="uid://nq6a1teycwyb" path="res://clients/client.tscn" id="27_v15wl"]
[ext_resource type="Texture2D" uid="uid://dejj4g4bu3eu1" path="res://Recette2.png" id="28_awwbj"]
[ext_resource type="PackedScene" uid="uid://blfklgh2ve1m5" path="res://NPC/FireColumn_Particles.tscn" id="29_1wmyj"]
[ext_resource type="PackedScene" uid="uid://bvirgkwmuennh" path="res://levels/cauldron_00.glb" id="29_px2ik"]
[ext_resource type="PackedScene" uid="uid://clinf5tq6po7l" path="res://levels/carpet_00.glb" id="31_6flsp"]
[ext_resource type="PackedScene" uid="uid://csegtjme215de" path="res://levels/comptoir_00.glb" id="32_1b33h"]
[ext_resource type="PackedScene" uid="uid://desouu13ew85u" path="res://levels/support_00.glb" id="33_b34dr"]
[ext_resource type="PackedScene" uid="uid://b1uvtkmfxyj63" path="res://levels/table_00.glb" id="33_bud2r"]
[ext_resource type="PackedScene" uid="uid://bub1afa1c1gj3" path="res://levels/candle_01.glb" id="34_meh3t"]
[ext_resource type="Theme" uid="uid://dub0towo88hyh" path="res://ui/theme.tres" id="36_u2cl5"]
[ext_resource type="Script" path="res://levels/Scoreui.gd" id="37_jxlj5"]

[sub_resource type="Resource" id="Resource_gyeob"]
script = ExtResource("4_5h1j2")
duration = 0.5
transition = 10
ease = 1

[sub_resource type="Resource" id="Resource_jylgq"]
script = ExtResource("5_skdnm")
cull_mask = 1048575
h_offset = 0.0
v_offset = 0.0
fov = 50.0

[sub_resource type="Environment" id="Environment_6ibdt"]
background_mode = 1
ambient_light_source = 2
ambient_light_color = Color(1, 1, 1, 1)
reflected_light_source = 1
tonemap_mode = 2
tonemap_exposure = 0.75
tonemap_white = 0.59
glow_enabled = true
glow_strength = 1.72
fog_enabled = true
fog_light_color = Color(0, 0, 0, 1)
fog_light_energy = 0.67
fog_density = 0.02
adjustment_enabled = true
adjustment_contrast = 1.12
adjustment_saturation = 1.33

[sub_resource type="BoxShape3D" id="BoxShape3D_8jnk3"]
size = Vector3(11.7484, 2.66895, 12.0196)

[sub_resource type="NavigationMesh" id="NavigationMesh_c1tc3"]
vertices = PackedVector3Array(-9.23855, 1, -8.46502, 9.26145, 1, -8.46502, 9.26145, 1, -23.465, -9.23855, 1, -23.465, 9.26145, 1, -6.46502, -9.23855, 1, -6.46502, -9.73855, 1, -6.21502, -9.73855, 1, 11.285, 9.76145, 1, 11.285, 9.76145, 1, -6.21502, 9.26145, 1, -6.46502, 9.26145, 1, -8.46502, -9.23855, 1, -8.46502, -9.23855, 1, -6.46502)
polygons = [PackedInt32Array(3, 2, 0), PackedInt32Array(0, 2, 1), PackedInt32Array(9, 8, 4), PackedInt32Array(4, 8, 5), PackedInt32Array(5, 8, 6), PackedInt32Array(6, 8, 7), PackedInt32Array(13, 12, 10), PackedInt32Array(10, 12, 11)]

[sub_resource type="StandardMaterial3D" id="StandardMaterial3D_snsvk"]
shading_mode = 0
albedo_texture = ExtResource("13_hkvlv")
uv1_scale = Vector3(15, 1, 12)
uv1_offset = Vector3(0.5, 0.5, 1)
uv1_triplanar = true

[sub_resource type="StandardMaterial3D" id="StandardMaterial3D_cqmid"]
shading_mode = 0
albedo_texture = ExtResource("14_rq5q5")
uv1_scale = Vector3(15, 1, 12)
uv1_offset = Vector3(0.5, 0.5, 1)
uv1_triplanar = true

[sub_resource type="StandardMaterial3D" id="StandardMaterial3D_cqnqy"]
albedo_texture = ExtResource("18_43fa0")
uv1_scale = Vector3(1.25, 1, 7.9)
uv1_offset = Vector3(0.5, 0.5, 0.25)
uv1_triplanar = true

[sub_resource type="Curve3D" id="Curve3D_swkjd"]
_data = {
"points": PackedVector3Array(0, 0, 0, 0, 0, 0, 10, 0, 9, 0, 0, 0, 0, 0, 0, 3, 0, 9, 0, 0, 0, 0, 0, 0, 2.51997, 0, 3.05429),
"tilts": PackedFloat32Array(0, 0.0161048, 0)
}
point_count = 3

[sub_resource type="BoxShape3D" id="BoxShape3D_i7ect"]
size = Vector3(7.98755, 9.41125, 1)

[sub_resource type="BoxShape3D" id="BoxShape3D_3cy75"]
size = Vector3(7.98755, 9.41125, 1)

[sub_resource type="BoxShape3D" id="BoxShape3D_4d8ns"]
size = Vector3(2.47296, 9.41125, 2.09814)

[sub_resource type="CylinderShape3D" id="CylinderShape3D_m11yv"]
height = 6.38766
radius = 0.475206

[sub_resource type="BoxShape3D" id="BoxShape3D_t3dsy"]
size = Vector3(2.99609, 2.11572, 1)

[sub_resource type="CapsuleMesh" id="CapsuleMesh_bddkd"]
radius = 0.02
height = 0.1

[sub_resource type="StandardMaterial3D" id="StandardMaterial3D_1dhis"]
albedo_color = Color(0.188235, 0.423529, 1, 1)
emission_enabled = true
emission = Color(0.243137, 0, 0.960784, 1)
emission_energy_multiplier = 16.0
rim_enabled = true

[sub_resource type="BoxMesh" id="BoxMesh_r1k68"]

[sub_resource type="StandardMaterial3D" id="StandardMaterial3D_yg3st"]
shading_mode = 0
albedo_color = Color(0, 0, 0, 1)

[sub_resource type="Animation" id="Animation_ky7jn"]
resource_name = "new_animation"
length = 10.0
tracks/0/type = "value"
tracks/0/imported = false
tracks/0/enabled = true
tracks/0/path = NodePath(".:visible")
tracks/0/interp = 1
tracks/0/loop_wrap = true
tracks/0/keys = {
"times": PackedFloat32Array(0, 9.9, 10),
"transitions": PackedFloat32Array(1, 1, 1),
"update": 1,
"values": [true, true, false]
}

[sub_resource type="Animation" id="Animation_e8eaw"]
length = 0.001
tracks/0/type = "value"
tracks/0/imported = false
tracks/0/enabled = true
tracks/0/path = NodePath(".:visible")
tracks/0/interp = 1
tracks/0/loop_wrap = true
tracks/0/keys = {
"times": PackedFloat32Array(0),
"transitions": PackedFloat32Array(1),
"update": 1,
"values": [true]
}

[sub_resource type="AnimationLibrary" id="AnimationLibrary_1wjnf"]
_data = {
"RESET": SubResource("Animation_e8eaw"),
"new_animation": SubResource("Animation_ky7jn")
}

[node name="PrototypeLevel" type="Node3D"]

[node name="Player" parent="." groups=["player"] instance=ExtResource("1_t5fqc")]
unique_name_in_owner = true
damping = 2.0

[node name="MainCamera" type="Camera3D" parent="."]
transform = Transform3D(0.999992, 0, 0, 0, 0.570788, 0.821097, 0, -0.821097, 0.570788, 0, 10.8303, 9.11335)
current = true
fov = 50.0
size = 10.0

[node name="PhantomCameraHost" type="Node" parent="MainCamera"]
script = ExtResource("2_ajea3")

[node name="KitchenCamera" type="Node3D" parent="."]
transform = Transform3D(0.999992, 0, 0, 0, 0.570788, 0.821097, 0, -0.821097, 0.570788, 0, 10.8303, 9.11335)
script = ExtResource("3_vqsbr")
priority_override = false
priority = 1
follow_mode = 3
follow_group = Array[NodePath]([NodePath("../Player"), NodePath("../CameraTarget")])
follow_parameters/auto_distance = true
follow_parameters/min_distance = 0.5
follow_parameters/max_distance = 2.0
follow_parameters/auto_distance_divisor = 5.0
follow_parameters/target_offset = Vector3(0, 7.84, 5.45)
follow_parameters/damping = true
follow_parameters/damping_value = 5.0
look_at_mode = 0
tween_parameters = SubResource("Resource_gyeob")
tween_on_load = true
inactive_update_mode = 0
camera_3D_resource = SubResource("Resource_jylgq")

[node name="GardenCamera" type="Node3D" parent="."]
transform = Transform3D(0.999992, 0, 0, 0, 0.570788, 0.821097, 0, -0.821097, 0.570788, 0, 11.0117, 3.66536)
script = ExtResource("3_vqsbr")
priority_override = false
priority = 0
follow_mode = 3
follow_group = Array[NodePath]([NodePath("../Player"), NodePath("../CameraTarget2")])
follow_parameters/auto_distance = true
follow_parameters/min_distance = 1.0
follow_parameters/max_distance = 5.0
follow_parameters/auto_distance_divisor = 20.0
follow_parameters/target_offset = Vector3(0, 7.84, 5.45)
follow_parameters/damping = true
follow_parameters/damping_value = 5.0
look_at_mode = 0
tween_parameters = SubResource("Resource_gyeob")
tween_on_load = true
inactive_update_mode = 0
camera_3D_resource = SubResource("Resource_jylgq")

[node name="Controller" type="Node" parent="GardenCamera"]
script = ExtResource("6_hjsk3")

[node name="WorldEnvironment" type="WorldEnvironment" parent="."]
environment = SubResource("Environment_6ibdt")

[node name="Environment" type="Node" parent="."]

[node name="GardenTrigger" type="Area3D" parent="."]
transform = Transform3D(1, 0, 0, 0, 1, 0, 0, 0, 1, 0, 0, -7.2386)

[node name="CollisionShape3D" type="CollisionShape3D" parent="GardenTrigger"]
transform = Transform3D(1, 0, 0, 0, 1, 0, 0, 0, 1, 0.254425, 0.834473, -4.48276)
shape = SubResource("BoxShape3D_8jnk3")

[node name="StemmedMusicStreamPlayer" type="AudioStreamPlayer" parent="."]
stream = ExtResource("10_twxfb")
volume_db = -40.444
autoplay = true
script = ExtResource("11_bwivg")

[node name="CameraTarget" type="Node3D" parent="."]
transform = Transform3D(1, 0, 0, 0, 1, 0, 0, 0, 1, 0, 2.69617, 5.04355)

[node name="CameraTarget2" type="Node3D" parent="."]
transform = Transform3D(1, 0, 0, 0, 1, 0, 0, 0, 1, 0, 2.69617, -6.10465)

[node name="IA" type="Node3D" parent="."]

[node name="ChampiObj" parent="IA" instance=ExtResource("12_bowru")]
transform = Transform3D(1, 0, 0, 0, 1, 0, 0, 0, 1, -2.47663, 0.5, -17.3473)

[node name="ChampiObj2" parent="IA" instance=ExtResource("12_bowru")]
transform = Transform3D(1, 0, 0, 0, 1, 0, 0, 0, 1, -0.166723, 0.5, -16.8004)

[node name="ChampiObj3" parent="IA" instance=ExtResource("12_bowru")]
transform = Transform3D(1, 0, 0, 0, 1, 0, 0, 0, 1, 2.83016, 0.5, -17.3473)

[node name="ChevreObj" parent="IA" instance=ExtResource("13_kiq2e")]
transform = Transform3D(0.5, 0, 0, 0, 0.5, 0, 0, 0, 0.5, -4.47238, 0.557037, -11.7766)

[node name="markerTargets" type="Node3D" parent="IA"]

[node name="Marker3D" type="Marker3D" parent="IA/markerTargets" groups=["MarkerTarget"]]
transform = Transform3D(1, 0, 0, 0, 1, 0, 0, 0, 1, -5.24229, 0.564006, -16.9346)

[node name="Marker3D2" type="Marker3D" parent="IA/markerTargets" groups=["MarkerTarget"]]
transform = Transform3D(1, 0, 0, 0, 1, 0, 0, 0, 1, -0.0113884, 0.564006, -16.0968)

[node name="Marker3D3" type="Marker3D" parent="IA/markerTargets" groups=["MarkerTarget"]]
transform = Transform3D(1, 0, 0, 0, 1, 0, 0, 0, 1, 5.44416, 0.564006, -17.3213)

[node name="Marker3D4" type="Marker3D" parent="IA/markerTargets" groups=["MarkerTarget"]]
transform = Transform3D(1, 0, 0, 0, 1, 0, 0, 0, 1, 4.94579, 0.564006, -9.65682)

[node name="Marker3D5" type="Marker3D" parent="IA/markerTargets" groups=["MarkerTarget"]]
transform = Transform3D(1, 0, 0, 0, 1, 0, 0, 0, 1, -0.0292935, 0.564006, -8.78283)

[node name="Marker3D6" type="Marker3D" parent="IA/markerTargets" groups=["MarkerTarget"]]
transform = Transform3D(1, 0, 0, 0, 1, 0, 0, 0, 1, -5.52736, 0.564006, -10.0482)

[node name="Marker3D7" type="Marker3D" parent="IA/markerTargets" groups=["MarkerTarget"]]
transform = Transform3D(1, 0, 0, 0, 1, 0, 0, 0, 1, -2.67596, 0.564006, -13.0919)

[node name="Marker3D8" type="Marker3D" parent="IA/markerTargets" groups=["MarkerTarget"]]
transform = Transform3D(1, 0, 0, 0, 1, 0, 0, 0, 1, 3.01512, 0.564006, -13.0992)

[node name="mandragores" type="Node3D" parent="IA"]

[node name="Mandragore_obj" parent="IA/mandragores" instance=ExtResource("14_ketcu")]
transform = Transform3D(0.3, 0, 0, 0, 0.3, 0, 0, 0, 0.3, -3.19965, 0.582389, -10.3336)

[node name="Mandragore_obj2" parent="IA/mandragores" instance=ExtResource("14_ketcu")]
transform = Transform3D(0.3, 0, 0, 0, 0.3, 0, 0, 0, 0.3, 0.120689, 0.605039, -10.0071)

[node name="Mandragore_obj3" parent="IA/mandragores" instance=ExtResource("14_ketcu")]
transform = Transform3D(0.3, 0, 0, 0, 0.3, 0, 0, 0, 0.3, 3.71533, 0.600826, -10.7694)

[node name="ChevreObj2" parent="IA" instance=ExtResource("13_kiq2e")]
transform = Transform3D(0.5, 0, 0, 0, 0.5, 0, 0, 0, 0.5, 1.03131, 0.557037, -1.27436)

[node name="Mandragore_obj" parent="IA" instance=ExtResource("14_ketcu")]
transform = Transform3D(0.3, 0, 0, 0, 0.3, 0, 0, 0, 0.3, 2.30404, 0.582389, 0.168643)

[node name="Mandragore_obj2" parent="IA" instance=ExtResource("14_ketcu")]
transform = Transform3D(0.3, 0, 0, 0, 0.3, 0, 0, 0, 0.3, 3.30404, 0.582389, 1.16864)

[node name="NavigationRegion3D" type="NavigationRegion3D" parent="."]
navigation_mesh = SubResource("NavigationMesh_c1tc3")

[node name="BasicBlock" parent="NavigationRegion3D" instance=ExtResource("15_ev5x4")]
transform = Transform3D(15, 0, 0, 0, 1, 0, 0, 0, 12, 0, 0, -0.999715)
script = null

[node name="Mesh" parent="NavigationRegion3D/BasicBlock" index="1"]
transform = Transform3D(1.36514, 0, 0, 0, 1, 0, 0, 0, 1.52527, 0, 0, 0.299865)
surface_material_override/0 = SubResource("StandardMaterial3D_snsvk")

[node name="BasicBlock3" parent="NavigationRegion3D" instance=ExtResource("15_ev5x4")]
transform = Transform3D(15, 0, 0, 0, 1, 0, 0, 0, 12, 0, 0, -13)
script = null

[node name="Mesh" parent="NavigationRegion3D/BasicBlock3" index="1"]
transform = Transform3D(1.29591, 0, 0, 0, 1, 0, 0, 0, 1.43445, 0, 0, -0.196526)
surface_material_override/0 = SubResource("StandardMaterial3D_cqmid")

[node name="BasicBlock7" parent="NavigationRegion3D" instance=ExtResource("15_ev5x4")]
transform = Transform3D(1.25, 0, 0, 0, 1, 0, 0, 0, 7.9, 0, 0.0358934, -10.8864)
script = null

[node name="Mesh" parent="NavigationRegion3D/BasicBlock7" index="1"]
surface_material_override/0 = SubResource("StandardMaterial3D_cqnqy")

[node name="fence_00" parent="." instance=ExtResource("19_75qi2")]
transform = Transform3D(1, 0, 0, 0, 1, 0, 0, 0, 1, -7.26792, 0.5, 3.40004)

[node name="fence_01" parent="." instance=ExtResource("19_75qi2")]
transform = Transform3D(1, 0, 0, 0, 1, 0, 0, 0, 1, -5.25139, 0.5, 3.40004)

[node name="fence_02" parent="." instance=ExtResource("19_75qi2")]
transform = Transform3D(1, 0, 0, 0, 1, 0, 0, 0, 1, 3.37469, 0.5, 3.40004)

[node name="fence_03" parent="." instance=ExtResource("19_75qi2")]
transform = Transform3D(1, 0, 0, 0, 1, 0, 0, 0, 1, 5.37477, 0.5, 3.40004)

[node name="column_00" parent="." instance=ExtResource("20_sp5vc")]
transform = Transform3D(1, 0, 0, 0, 1, 0, 0, 0, 1, 6.44262, 0.5, -5.67556)

[node name="column_01" parent="." instance=ExtResource("20_sp5vc")]
transform = Transform3D(1, 0, 0, 0, 1, 0, 0, 0, 1, -6.46842, 0.5, -5.73569)

[node name="arch_00" parent="." instance=ExtResource("21_f6vcp")]
transform = Transform3D(1, 0, 0, 0, 1, 0, 0, 0, 1, -0.0127937, 0.535893, -6.8945)

[node name="arch_01" parent="." instance=ExtResource("21_f6vcp")]
transform = Transform3D(-4.37114e-08, 0, -1, 0, 1, 0, 1, 0, -4.37114e-08, -10.2035, 0.535893, 8.86846)

[node name="arch_02" parent="." instance=ExtResource("21_f6vcp")]
transform = Transform3D(-4.37114e-08, 0, -1, 0, 1, 0, 1, 0, -4.37114e-08, 9.9391, 0.535893, 8.86846)

[node name="wall_4x4_002" parent="." instance=ExtResource("22_7lux5")]
transform = Transform3D(1.5, 0, 0, 0, 1, 0, 0, 0, 1, -7.82545, 0.393001, -6.819)

[node name="wall_4x4_004" parent="." instance=ExtResource("22_7lux5")]
transform = Transform3D(1.5, 0, 0, 0, 1, 0, 0, 0, 1, -13.7867, 0.393001, -6.819)

[node name="wall_4x4_005" parent="." instance=ExtResource("22_7lux5")]
transform = Transform3D(1.5, 0, 0, 0, 1, 0, 0, 0, 1, 8.04916, 0.393001, -6.819)

[node name="wall_4x4_003" parent="." instance=ExtResource("22_7lux5")]
transform = Transform3D(1.5, 0, 0, 0, 1, 0, 0, 0, 1, 1.93551, 0.393001, -6.819)

[node name="Cleaver" parent="." instance=ExtResource("23_f08aj")]
transform = Transform3D(1, 0, 0, 0, 1, 0, 0, 0, 1, 3.03168, 0.611192, -2.504)
gravity_scale = 0.0

[node name="Mortar" parent="." instance=ExtResource("24_x5rdx")]
transform = Transform3D(1, 0, 0, 0, 1, 0, 0, 0, 1, -4.97562, 0.611192, -1.70244)
gravity_scale = 0.0

[node name="SummonCircle" parent="." instance=ExtResource("26_p85oc")]
transform = Transform3D(1, 0, 0, 0, 1, 0, 0, 0, 1, -0.825337, 0.554057, -2.87858)

[node name="Client" parent="." instance=ExtResource("27_v15wl")]

[node name="Client2" parent="." instance=ExtResource("27_v15wl")]
curve = SubResource("Curve3D_swkjd")

[node name="FireColumnParticles" parent="." instance=ExtResource("29_1wmyj")]
transform = Transform3D(1, 0, 0, 0, 1, 0, 0, 0, 1, -3.37242, 0.5, 2.08831)

[node name="FireColumnParticles2" parent="." node_paths=PackedStringArray("particleSystem", "col") instance=ExtResource("29_1wmyj")]
transform = Transform3D(1, 0, 0, 0, 1, 0, 0, 0, 1, 2.09936, 0.5, 1.12828)
particleSystem = NodePath("../FireColumnParticles/GPUParticles3D")
col = NodePath("../FireColumnParticles/Area3D")

[node name="FireColumnParticles3" parent="." node_paths=PackedStringArray("particleSystem", "col") instance=ExtResource("29_1wmyj")]
transform = Transform3D(1, 0, 0, 0, 1, 0, 0, 0, 1, -1.4761, 0.5, -3.40038)
particleSystem = NodePath("../FireColumnParticles/GPUParticles3D")
col = NodePath("../FireColumnParticles/Area3D")

[node name="FireColumnParticles4" parent="." node_paths=PackedStringArray("particleSystem", "col") instance=ExtResource("29_1wmyj")]
transform = Transform3D(1, 0, 0, 0, 1, 0, 0, 0, 1, 1.18581, 0.5, -12.6069)
particleSystem = NodePath("../FireColumnParticles/GPUParticles3D")
col = NodePath("../FireColumnParticles/Area3D")

[node name="Spawner2" parent="." node_paths=PackedStringArray("chevreSpawnerPos", "champiSpawnerPos", "mandragoreSpawnerPos") instance=ExtResource("25_jluiv")]
chevreSpawnerPos = NodePath("Node3D")
champiSpawnerPos = NodePath("Node3D3")
mandragoreSpawnerPos = NodePath("Node3D2")

[node name="Node3D" type="Node3D" parent="Spawner2"]
transform = Transform3D(1, 0, 0, 0, 1, 0, 0, 0, 1, -5.68383, 1.06041, -0.461867)

[node name="Node3D2" type="Node3D" parent="Spawner2"]
transform = Transform3D(1, 0, 0, 0, 1, 0, 0, 0, 1, 5.65724, 1.06041, -13.3453)

[node name="Node3D3" type="Node3D" parent="Spawner2"]
transform = Transform3D(1, 0, 0, 0, 1, 0, 0, 0, 1, -6.0903, 1.06041, -13.3635)

[node name="cage_002" parent="." instance=ExtResource("27_2elwx")]
transform = Transform3D(1, 0, 0, 0, 1, 0, 0, 0, 1, -7.10844, 0.5, -0.886227)

[node name="Sprite3D" type="Sprite3D" parent="."]
transform = Transform3D(1, 0, 0, 0, 0.965926, 0.258819, 0, -0.258819, 0.965926, -4.04617, 2.36991, -6.05716)
texture = ExtResource("27_3xpfn")

[node name="Sprite3D2" type="Sprite3D" parent="."]
transform = Transform3D(1, 0, 0, 0, 0.965926, 0.258819, 0, -0.258819, 0.965926, 3.98285, 2.36991, -6.05716)
texture = ExtResource("28_awwbj")

[node name="StaticBody3D" type="StaticBody3D" parent="."]
collision_layer = 2
collision_mask = 2

[node name="CollisionShape3D" type="CollisionShape3D" parent="StaticBody3D"]
transform = Transform3D(1, 0, 0, 0, 1, 0, 0, 0, 1, -6.28601, 0, 3.43387)
shape = SubResource("BoxShape3D_i7ect")

[node name="CollisionShape3D3" type="CollisionShape3D" parent="StaticBody3D"]
transform = Transform3D(1, 0, 0, 0, 1, 0, 0, 0, 1, 6.54765, 0, 3.43387)
shape = SubResource("BoxShape3D_i7ect")

[node name="CollisionShape3D4" type="CollisionShape3D" parent="StaticBody3D"]
transform = Transform3D(-4.37114e-08, 0, -1, 0, 1, 0, 1, 0, -4.37114e-08, 9.91215, 0, -1.07525)
shape = SubResource("BoxShape3D_i7ect")

[node name="CollisionShape3D5" type="CollisionShape3D" parent="StaticBody3D"]
transform = Transform3D(-4.37114e-08, 0, -1, 0, 1, 0, 1, 0, -4.37114e-08, 9.91215, 0, -9.07525)
shape = SubResource("BoxShape3D_i7ect")

[node name="CollisionShape3D6" type="CollisionShape3D" parent="StaticBody3D"]
transform = Transform3D(-4.37114e-08, 0, -1, 0, 1, 0, 1, 0, -4.37114e-08, 9.91215, 0, -17.0753)
shape = SubResource("BoxShape3D_i7ect")

[node name="CollisionShape3D7" type="CollisionShape3D" parent="StaticBody3D"]
transform = Transform3D(-1, 0, 8.74228e-08, 0, 1, 0, -8.74228e-08, 0, -1, 5.74988, 0, -20.5785)
shape = SubResource("BoxShape3D_i7ect")

[node name="CollisionShape3D8" type="CollisionShape3D" parent="StaticBody3D"]
transform = Transform3D(-1, 0, 8.74228e-08, 0, 1, 0, -8.74228e-08, 0, -1, -2.25012, 0, -20.5785)
shape = SubResource("BoxShape3D_i7ect")

[node name="CollisionShape3D9" type="CollisionShape3D" parent="StaticBody3D"]
transform = Transform3D(-1, 0, 8.74228e-08, 0, 1, 0, -8.74228e-08, 0, -1, -10.2501, 0, -20.5785)
shape = SubResource("BoxShape3D_i7ect")

[node name="CollisionShape3D10" type="CollisionShape3D" parent="StaticBody3D"]
transform = Transform3D(1.31134e-07, 0, 1, 0, 1, 0, -1, 0, 1.31134e-07, -9.59109, 0, -16.3469)
shape = SubResource("BoxShape3D_i7ect")

[node name="CollisionShape3D11" type="CollisionShape3D" parent="StaticBody3D"]
transform = Transform3D(1.31134e-07, 0, 1, 0, 1, 0, -1, 0, 1.31134e-07, -9.59109, 0, -8.34686)
shape = SubResource("BoxShape3D_i7ect")

[node name="CollisionShape3D12" type="CollisionShape3D" parent="StaticBody3D"]
transform = Transform3D(1.31134e-07, 0, 1, 0, 1, 0, -1, 0, 1.31134e-07, -9.59109, 0, -8.34686)
shape = SubResource("BoxShape3D_i7ect")

[node name="CollisionShape3D13" type="CollisionShape3D" parent="StaticBody3D"]
transform = Transform3D(1.31134e-07, 0, 1, 0, 1, 0, -1, 0, 1.31134e-07, -9.59109, 0.0210147, -0.299807)
shape = SubResource("BoxShape3D_i7ect")

[node name="CollisionShape3D14" type="CollisionShape3D" parent="StaticBody3D"]
transform = Transform3D(-1, 0, 8.74228e-08, 0, 1, 0, -8.74228e-08, 0, -1, -0.402746, -2.81566, 3.92134)
shape = SubResource("BoxShape3D_3cy75")

[node name="CollisionShape3D15" type="CollisionShape3D" parent="StaticBody3D"]
transform = Transform3D(-1, 0, 8.74228e-08, 0, 1, 0, -8.74228e-08, 0, -1, -0.402746, 8.01794, 3.92134)
shape = SubResource("BoxShape3D_3cy75")

[node name="CollisionShape3D16" type="CollisionShape3D" parent="StaticBody3D"]
transform = Transform3D(-1, 0, 8.74228e-08, 0, 1, 0, -8.74228e-08, 0, -1, -5.01592, 0.716929, -6.96993)
shape = SubResource("BoxShape3D_3cy75")

[node name="CollisionShape3D17" type="CollisionShape3D" parent="StaticBody3D"]
transform = Transform3D(-1, 0, 8.74228e-08, 0, 1, 0, -8.74228e-08, 0, -1, 5.41292, 0.716929, -6.96993)
shape = SubResource("BoxShape3D_3cy75")

[node name="CollisionShape3D18" type="CollisionShape3D" parent="StaticBody3D"]
transform = Transform3D(-1, 0, 8.74228e-08, 0, 1, 0, -8.74228e-08, 0, -1, 5.41292, 0.716929, -6.96993)
shape = SubResource("BoxShape3D_3cy75")

[node name="CollisionShape3D19" type="CollisionShape3D" parent="StaticBody3D"]
transform = Transform3D(-1, 0, 8.74228e-08, 0, 1, 0, -8.74228e-08, 0, -1, -7.25953, -1.52974, -0.92157)
shape = SubResource("BoxShape3D_4d8ns")

[node name="CollisionShape3D20" type="CollisionShape3D" parent="StaticBody3D"]
transform = Transform3D(-1, 0, 8.74228e-08, 0, 1, 0, -8.74228e-08, 0, -1, -5.59414, -1.52974, -4.27667)
shape = SubResource("CylinderShape3D_m11yv")

[node name="CollisionShape3D21" type="CollisionShape3D" parent="StaticBody3D"]
transform = Transform3D(-1, 0, 8.74228e-08, 0, 1, 0, -8.74228e-08, 0, -1, 6.07017, 1.30411, -4.06648)
shape = SubResource("BoxShape3D_t3dsy")

[node name="CollisionShape3D2" type="CollisionShape3D" parent="StaticBody3D"]

[node name="cauldron_00" parent="." instance=ExtResource("29_px2ik")]
transform = Transform3D(1, 0, 0, 0, 1, 0, 0, 0, 1, -5.59196, 0.5, -4.29776)

[node name="carpet_002" parent="." instance=ExtResource("31_6flsp")]
transform = Transform3D(1, 0, 0, 0, 1, 0, 0, 0, 1, -7.42024, 0.5, 3.01543)

[node name="cage_012" parent="." instance=ExtResource("26_r0ptc")]
transform = Transform3D(1, 0, 0, 0, 1, 0, 0, 0, 1, 7.25484, 0.5, 1.24786)

[node name="comptoir_002" parent="." instance=ExtResource("32_1b33h")]
transform = Transform3D(1, 0, 0, 0, 1, 0, 0, 0, 1, -1.93579, 0.5, 3.31726)

[node name="support_00" parent="." instance=ExtResource("33_b34dr")]
transform = Transform3D(1, 0, 0, 0, 1, 0, 0, 0, 1, -9.79503, 0, -6.53229)

[node name="support_01" parent="." instance=ExtResource("33_b34dr")]
transform = Transform3D(1, 0, 0, 0, 1, 0, 0, 0, 1, 9.89753, 0, -6.41153)

[node name="candle_012" parent="." instance=ExtResource("34_meh3t")]
transform = Transform3D(1, 0, 0, 0, 1, 0, 0, 0, 1, -2, 1, -1)

[node name="candle_013" parent="." instance=ExtResource("34_meh3t")]
transform = Transform3D(1, 0, 0, 0, 1, 0, 0, 0, 1, -2, 1, -3)

[node name="candle_014" parent="." instance=ExtResource("34_meh3t")]
transform = Transform3D(1, 0, 0, 0, 1, 0, 0, 0, 1, -2, 1, 1)

[node name="candle_018" parent="." instance=ExtResource("34_meh3t")]
transform = Transform3D(1, 0, 0, 0, 1, 0, 0, 0, 1, -1.54036, 1.66167, 3.43279)

[node name="MeshInstance3D" type="MeshInstance3D" parent="candle_018"]
transform = Transform3D(1, 0, 0, 0, 1, 0, 0, 0, 1, 0, 0.423803, 0)
mesh = SubResource("CapsuleMesh_bddkd")
surface_material_override/0 = SubResource("StandardMaterial3D_1dhis")

[node name="MeshInstance3D2" type="MeshInstance3D" parent="candle_018"]
transform = Transform3D(1, 0, 0, 0, 1, 0, 0, 0, 1, -0.497162, -0.282104, -2.41581)
mesh = SubResource("CapsuleMesh_bddkd")
surface_material_override/0 = SubResource("StandardMaterial3D_1dhis")

[node name="candle_015" parent="." instance=ExtResource("34_meh3t")]
transform = Transform3D(1, 0, 0, 0, 1, 0, 0, 0, 1, 6, 1, -2)

[node name="candle_016" parent="." instance=ExtResource("34_meh3t")]
transform = Transform3D(1, 0, 0, 0, 1, 0, 0, 0, 1, 1, 1, -3)

[node name="candle_017" parent="." instance=ExtResource("34_meh3t")]
transform = Transform3D(1, 0, 0, 0, 1, 0, 0, 0, 1, -4, 1, -5)

[node name="table_002" parent="." instance=ExtResource("33_bud2r")]
transform = Transform3D(1, 0, 0, 0, 1, 0, 0, 0, 1, 6, 0.369289, -4)

[node name="MeshInstance3D" type="MeshInstance3D" parent="."]
transform = Transform3D(6.83022, 0, 0, 0, 9.74697, 0, 0, 0, 40.4294, -13.6979, 0, -5.21828)
mesh = SubResource("BoxMesh_r1k68")
surface_material_override/0 = SubResource("StandardMaterial3D_yg3st")

[node name="MeshInstance3D2" type="MeshInstance3D" parent="."]
transform = Transform3D(6.83022, 0, 0, 0, 9.74697, 0, 0, 0, 40.4294, 14.2811, 0, -5.21828)
mesh = SubResource("BoxMesh_r1k68")
surface_material_override/0 = SubResource("StandardMaterial3D_yg3st")

[node name="CanvasLayer" type="CanvasLayer" parent="."]
layer = 2

[node name="Control" type="Control" parent="CanvasLayer"]
layout_mode = 3
anchors_preset = 15
anchor_right = 1.0
anchor_bottom = 1.0
grow_horizontal = 2
grow_vertical = 2
theme = ExtResource("36_u2cl5")

[node name="AnimationPlayer" type="AnimationPlayer" parent="CanvasLayer/Control"]
root_node = NodePath("../Label")
libraries = {
"": SubResource("AnimationLibrary_1wjnf")
}
autoplay = "new_animation"

[node name="Label" type="Label" parent="CanvasLayer/Control"]
layout_mode = 1
anchors_preset = 15
anchor_right = 1.0
anchor_bottom = 1.0
grow_horizontal = 2
grow_vertical = 2
text = "Summon creatures with ingredients in the circle
Satisfy your clients"
horizontal_alignment = 1
vertical_alignment = 1

[node name="Label2" type="Label" parent="CanvasLayer/Control"]
layout_mode = 1
anchors_preset = 15
anchor_right = 1.0
anchor_bottom = 1.0
offset_right = -1043.0
offset_bottom = -573.0
grow_horizontal = 2
grow_vertical = 2
text = "Score: "
horizontal_alignment = 1
vertical_alignment = 1

[node name="Score" type="Label" parent="CanvasLayer/Control"]
layout_mode = 1
anchors_preset = 15
anchor_right = 1.0
anchor_bottom = 1.0
offset_left = 63.0
offset_top = 2.0
offset_right = -980.0
offset_bottom = -571.0
grow_horizontal = 2
grow_vertical = 2
text = "0"
horizontal_alignment = 1
vertical_alignment = 1
script = ExtResource("37_jxlj5")

[connection signal="body_entered" from="GardenTrigger" to="GardenCamera/Controller" method="_on_garden_trigger_body_entered"]
[connection signal="body_exited" from="GardenTrigger" to="GardenCamera/Controller" method="_on_garden_trigger_body_exited"]

[editable path="NavigationRegion3D/BasicBlock"]
[editable path="NavigationRegion3D/BasicBlock3"]
[editable path="NavigationRegion3D/BasicBlock7"]
